@misc{web:mf,
    title={Motherfucking Website},
    url={https://motherfuckingwebsite.com},
    urldate={24.~4.~2023},
    author={Some Motherfucker}
}
@book{wb,
    title={\LaTeX},
    author={Přispěvatelé Wikibooks},
    url={https://en.wikibooks.org/wiki/LaTeX}}
}
